@book{ebrahim2018mastering,
  title={Mastering Linux Shell Scripting: A practical guide to Linux command-line, Bash scripting, and Shell programming},
  author={Ebrahim, Mokhtar and Mallett, Andrew},
  year={2018},
  publisher={Packt Publishing Ltd}
}


@incollection{santiso2016introduction,
  title={Introduction to Bash Scripting},
  author={Santiso, Erik E},
  booktitle={Introduction to Scientific and Technical Computing},
  pages={69--84},
  year={2016},
  publisher={CRC Press}
}

@article{george2004structured,
  title={A structured experiment of test-driven development},
  author={George, Boby and Williams, Laurie},
  journal={Information and software Technology},
  volume={46},
  number={5},
  pages={337--342},
  year={2004},
  publisher={Elsevier}
}
